@article{Alhajeri2016,
  title={Association between climate and body size in rodents: a phylogenetic test of {Bergmann’s} rule},
  author={Alhajeri, Bader H and Steppan, Scott J},
  journal={Mammalian Biology},
  volume={81},
  number={2},
  pages={219--225},
  year={2016},
  publisher={Springer}
}

@article{Alhajeri2020,
  title={A global test of {Allen’s} rule in rodents},
  author={Alhajeri, Bader H and Fourcade, Yoan and Upham, Nathan S and Alhaddad, Hasan},
  journal={Global Ecology and Biogeography},
  volume={29},
  number={12},
  pages={2248--2260},
  year={2020},
  publisher={Wiley Online Library}
}

@article{Alho2011,
  title={Allen’s rule revisited: quantitative genetics of extremity length in the common frog along a latitudinal gradient},
  author={Alho, JS and Herczeg, Gabor and Laugen, AT and R{\"a}s{\"a}nen, Katja and Laurila, Anssi and Meril{\"a}, Juha},
  journal={Journal of Evolutionary Biology},
  volume={24},
  number={1},
  pages={59--70},
  year={2011},
  publisher={Wiley Online Library}
}

@article{Al-Hilli1983,
  title={The effects of changes in the environmental temperature on the growth of bone in the mouse. Radiological and morphological study.},
  author={Al-Hilli, F and Wright, EA},
  journal={British Journal of Experimental Pathology},
  volume={64},
  number={1},
  pages={43},
  year={1983},
  publisher={Wiley-Blackwell}
}

@manual{Allaire2021,
  title = {rmarkdown: Dynamic Documents for {R}},
  author = {JJ Allaire and Yihui Xie and Jonathan McPherson and Javier Luraschi and Kevin Ushey and Aron Atkins and Hadley Wickham and Joe Cheng and Winston Chang and Richard Iannone},
  year = {2021},
  note = {R package version 2.7},
  url = {https://github.com/rstudio/rmarkdown},
}

@article{Allen1877,
  title={The influence of physical conditions in the genesis of species},
  author={Allen, Joel A},
  journal={Radical Review},
  volume={1},
  pages={108--140},
  year={1877}
}

@article{Alroy2019,
  title={Small mammals have big tails in the tropics},
  author={Alroy, John},
  journal={Global Ecology and Biogeography},
  volume={28},
  number={8},
  pages={1042--1050},
  year={2019},
  publisher={Wiley Online Library}
}

@article{Andrew2017,
  title={Higher temperatures during development reduce body size in the zebra finch in the laboratory and in the wild},
  author={Andrew, SC and Hurley, LL and Mariette, MM and Griffith, SC},
  journal={Journal of Evolutionary Biology},
  volume={30},
  number={12},
  pages={2156--2164},
  year={2017},
  publisher={Wiley Online Library}
}

@article{Angilletta2003,
  title={The temperature-size rule in ectotherms: simple evolutionary explanations may not be general},
  author={Angilletta, Jr, Michael J and Dunham, Arthur E},
  journal={The American Naturalist},
  volume={162},
  number={3},
  pages={332--342},
  year={2003},
  publisher={The University of Chicago Press}
}

@article{Ashoub1958,
  title={Effect of two extreme temperatures on growth and tail-length of mice},
  author={Ashoub, MA El-R},
  journal={Nature},
  volume={181},
  number={4604},
  pages={284--284},
  year={1958},
  publisher={Nature Publishing Group}
}

@article{Ashton2000,
  title={Is {Bergmann’s} rule valid for mammals?},
  author={Ashton, Kyle G and Tracy, Mark C and Queiroz, Alan de},
  journal={The American Naturalist},
  volume={156},
  number={4},
  pages={390--415},
  year={2000},
  publisher={The University of Chicago Press}
}

@article{Ashton2002,
  title={Patterns of within-species body size variation of birds: strong evidence for {Bergmann's} rule},
  author={Ashton, Kyle G},
  journal={Global Ecology and Biogeography},
  volume={11},
  number={6},
  pages={505--523},
  year={2002},
  publisher={Wiley Online Library}
}

@article{Azevedo1998,
  title={Latitudinal variation of wing: thorax size ratio and wing-aspect ratio in Drosophila melanogaster},
  author={Azevedo, Ricardo BR and James, Avis C and McCabe, Jennie and Partridge, L},
  journal={Evolution},
  volume={52},
  number={5},
  pages={1353--1362},
  year={1998},
  publisher={Wiley Online Library}
}

@article{Baldwin1896,
  title={A new factor in evolution},
  author={Baldwin, James Mark},
  journal={The American Naturalist},
  volume={30},
  number={354},
  pages={441-451},
  year={1896},
}

@article{Barnett1965,
  title={Genotype and environment in tail length in mice},
  author={Barnett, SA},
  journal={Quarterly Journal of Experimental Physiology and Cognate Medical Sciences: Translation and Integration},
  volume={50},
  number={4},
  pages={417--429},
  year={1965},
  publisher={Wiley Online Library}
}

@article{Barnett1984,
  title={Changes among wild house mice ({Mus} musculus) bred for ten generations in a cold environment, and their evolutionary implications},
  author={Barnett, SA and Dickson, RG},
  journal={Journal of Zoology},
  volume={203},
  number={2},
  pages={163--180},
  year={1984},
  publisher={Wiley Online Library}
}

@article{Bates2015,
  title = {Fitting linear mixed-effects models using {lme4}},
  author = {Douglas Bates and Martin M{\"a}chler and Ben Bolker and
    Steve Walker},
  journal = {Journal of Statistical Software},
  year = {2015},
  volume = {67},
  number = {1},
  pages = {1--48},
  doi = {10.18637/jss.v067.i01},
}

@article{Bergmann1847,
  title={{\"U}ber die Verh{\"a}ltnisse der W{\"a}rme{\"o}konomie der Thiere zu ihrer Gr{\"o}sse},
  author={Bergmann, Carl},
  journal={Gottinger Studien},
  volume={3},
  pages={595-708},
  year={1847}
}

@article{Betti2015,
  title={Are human hands and feet affected by climate? A test of {Allen's} rule},
  author={Betti, Lia and Lycett, Stephen J and von Cramon-Taubadel, Noreen and Pearson, Osbjorn M},
  journal={American Journal of Physical Anthropology},
  volume={158},
  number={1},
  pages={132--140},
  year={2015},
  publisher={Wiley Online Library}
}

@article{Blackburn2004,
  title={Bergmann's rule and the mammal fauna of northern {North} {America}},
  author={Blackburn, Tim M and Hawkins, Bradford A},
  journal={Ecography},
  volume={27},
  number={6},
  pages={715--724},
  year={2004},
  publisher={Wiley Online Library}
}

@article{Brown1969,
  title={Bergmann's rule and climatic adaptation in woodrats ({Neotoma})},
  author={Brown, James H and Lee, Anthony K},
  journal={Evolution},
  pages={329--338},
  year={1969},
  publisher={JSTOR}
}

@article{Brown2004,
  title={Toward a metabolic theory of ecology},
  author={Brown, James H and Gillooly, James F and Allen, Andrew P and Savage, Van M and West, Geoffrey B},
  journal={Ecology},
  volume={85},
  number={7},
  pages={1771--1789},
  year={2004},
  publisher={Wiley Online Library}
}

@article{Burness2013,
  title={Post-hatch heat warms adult beaks: irreversible physiological plasticity in {Japanese} quail},
  author={Burness, Gary and Huard, Jacqueline R and Malcolm, Emily and Tattersall, Glenn J},
  journal={Proceedings of the Royal Society B: Biological Sciences},
  volume={280},
  number={1767},
  pages={20131436},
  year={2013},
  publisher={The Royal Society}
}

@article{Cardilini2016,
  title={Tests of ecogeographical relationships in a non-native species: what rules avian morphology?},
  author={Cardilini, Adam PA and Buchanan, Katherine L and Sherman, Craig DH and Cassey, Phillip and Symonds, Matthew RE},
  journal={Oecologia},
  volume={181},
  number={3},
  pages={783--793},
  year={2016},
  publisher={Springer}
}

@article{Cavicchi1985,
  title={Temperature-related divergence in experimental populations of {Drosophila} melanogaster. I. Genetic and developmental basis of wing size and shape variation},
  author={Cavicchi, Sandro and Guerra, Daniela and Giorgi, Gianfranco and Pezzoli, Cristina},
  journal={Genetics},
  volume={109},
  number={4},
  pages={665--689},
  year={1985},
  publisher={Oxford University Press}
}

@article{Chevillard1963,
  title={Growth rate of rats born and reared at 5 and 30 C},
  author={Chevillard, L and Portet, R and Cadot M},
  journal={Federation Proceedings},
  volume={22},
  pages={699-703},
  year={1963}
}

@article{Conover1995,
  title={Phenotypic similarity and the evolutionary significance of countergradient variation},
  author={Conover, David O and Schultz, Eric T},
  journal={Trends in Ecology \& Evolution},
  volume={10},
  number={6},
  pages={248--252},
  year={1995},
  publisher={Elsevier}
}

@article{Constable2010,
  title={VertNet: a new model for biodiversity data sharing},
  author={Constable, Heather and Guralnick, Robert and Wieczorek, John and Spencer, Carol and Peterson, A Townsend and VertNet Steering Committee and others},
  journal={PLoS Biology},
  volume={8},
  number={2},
  pages={e1000309},
  year={2010},
  publisher={Public Library of Science}
}

@article{Coyne1987,
  title={Heritability of two morphological characters within and among natural populations of {Drosophila} melanogaster},
  author={Coyne, Jerry A and Beecham, Edward},
  journal={Genetics},
  volume={117},
  number={4},
  pages={727--737},
  year={1987},
  publisher={Genetics Soc America}
}

@article{Danner2015,
  title={A critical season approach to {Allen's} rule: bill size declines with winter temperature in a cold temperate environment},
  author={Danner, Raymond M and Greenberg, Russell},
  journal={Journal of Biogeography},
  volume={42},
  number={1},
  pages={114--120},
  year={2015},
  publisher={Wiley Online Library}
}

@book{Endler1977,
  title={Geographic variation, speciation, and clines},
  author={Endler, John A},
  year={1977},
  publisher={Princeton University Press}
}

@book{Falconer1996,
  title={Introduction to quantitative genetics},
  author={Falconer, Douglas S. and Mackay, Trudy F.C.},
  year={1996},
  publisher={Pearson}
}

@article{Ferris2021,
  title={The genomics of rapid climatic adaptation and parallel evolution in {North} {American} house mice},
  author={Ferris, Kathleen G and Chavez, Andreas S and Suzuki, Taichi A and Beckman, Elizabeth J and Phifer-Rixey, Megan and Bi, Ke and Nachman, Michael W},
  journal={PLoS Genetics},
  volume={17},
  number={4},
  pages={e1009495},
  year={2021},
  publisher={Public Library of Science San Francisco, CA USA}
}

@article{Fooden1999,
  title={Tail-length evolution in fascicularis-group macaques ({Cercopithecidae}: Macaca)},
  author={Fooden, Jack and Albrecht, Gene H},
  journal={International Journal of Primatology},
  volume={20},
  number={3},
  pages={431--440},
  year={1999},
  publisher={Springer}
}

@article{Foster2013,
  title={A reassessment of {Bergmann's} rule in modern humans},
  author={Foster, Frederick and Collard, Mark},
  journal={PloS One},
  volume={8},
  number={8},
  pages={e72269},
  year={2013},
  publisher={Public Library of Science}
}

@book{Fox2019,
  title = {An {R} Companion to Applied Regression},
  edition = {Third},
  author = {John Fox and Sanford Weisberg},
  year = {2019},
  publisher = {Sage},
  address = {Thousand Oaks {CA}},
  url = {https://socialsciences.mcmaster.ca/jfox/Books/Companion/},
}

@article{Freckleton2002,
  title={On the misuse of residuals in ecology: regression of residuals vs. multiple regression},
  author={Freckleton, Robert P},
  journal={Journal of Animal Ecology},
  volume={71},
  number={3},
  pages={542--545},
  year={2002},
  publisher={Wiley Online Library}
}

@article{Freckleton2003,
  title={Bergmann’s rule and body size in mammals},
  author={Freckleton, Robert P and Harvey, Paul H and Pagel, Mark},
  journal={The American Naturalist},
  volume={161},
  number={5},
  pages={821--825},
  year={2003},
  publisher={The University of Chicago Press}
}

@article{Friedman2017,
  title={Smaller beaks for colder winters: Thermoregulation drives beak size evolution in {Australasian} songbirds},
  author={Friedman, Nicholas R and Harm{\'a}{\v{c}}kov{\'a}, Lenka and Economo, Evan P and Reme{\v{s}}, Vladim{\'\i}r},
  journal={Evolution},
  volume={71},
  number={8},
  pages={2120--2129},
  year={2017},
  publisher={Wiley Online Library}
}

@article{Friffing1974,
  title={Body measurements of black-tailed jackrabbits of southeastern New Mexico with implications of Allen's rule},
  author={Griffing, James P},
  journal={Journal of Mammalogy},
  volume={55},
  number={3},
  pages={674--678},
  year={1974},
  publisher={JSTOR}
}

@article{Geist1987,
  title={Bergmann's rule is invalid},
  author={Geist, Valerius},
  journal={Canadian Journal of Zoology},
  volume={65},
  number={4},
  pages={1035--1038},
  year={1987},
  publisher={NRC Research Press Ottawa, Canada}
}

@article{Ghalambor2007,
  title={Adaptive versus non-adaptive phenotypic plasticity and the potential for contemporary adaptation in new environments},
  author={Ghalambor, Cameron K and McKay, John K and Carroll, Scott P and Reznick, David N},
  journal={Functional Ecology},
  volume={21},
  number={3},
  pages={394--407},
  year={2007},
  publisher={Wiley Online Library}
}

@article{Gilchrist2001,
  title={Rapid evolution of wing size clines in {Drosophila} subobscura},
  author={Gilchrist, George W and Huey, Raymond B and Serra, Llu{\'\i}s},
  journal={Genetica},
  pages={273--286},
  year={2001},
  publisher={Springer}
}

@article{Gilchrist2004a,
  title={A time series of evolution in action: a latitudinal cline in wing size in {South} {American} {Drosophila} subobscura},
  author={Gilchrist, George W and Huey, Raymond B and Balany{\`a}, Joan and Pascual, Marta and Serra, Luis},
  journal={Evolution},
  volume={58},
  number={4},
  pages={768--780},
  year={2004},
  publisher={Wiley Online Library}
}

@article{Gilchrist2004b,
  title={Plastic and genetic variation in wing loading as a function of temperature within and among parallel clines in {Drosophila} subobscura},
  author={Gilchrist, George W and Huey, Raymond B},
  journal={Integrative and Comparative Biology},
  volume={44},
  number={6},
  pages={461--470},
  year={2004},
  publisher={Oxford University Press}
}

@article{Gillespie1989,
  title={Genotype-environment interactions and the maintenance of polygenic variation.},
  author={Gillespie, John H and Turelli, Michael},
  journal={Genetics},
  volume={121},
  number={1},
  pages={129--138},
  year={1989},
  publisher={Genetics Soc America}
}

@article{Gohli2016,
  title={An interspecific assessment of {Bergmann’s} rule in 22 mammalian families},
  author={Gohli, Jostein and Voje, Kjetil L},
  journal={BMC Evolutionary Biology},
  volume={16},
  number={1},
  pages={1--12},
  year={2016},
  publisher={BioMed Central}
}

@article{Gomulkiewicz1992,
  title={Quantitative genetics and the evolution of reaction norms},
  author={Gomulkiewicz, Richard and Kirkpatrick, Mark},
  journal={Evolution},
  volume={46},
  number={2},
  pages={390--411},
  year={1992},
  publisher={Wiley Online Library}
}

@article{Gordon2012,
  title={Thermal physiology of laboratory mice: defining thermoneutrality},
  author={Gordon, CJ},
  journal={Journal of Thermal Biology},
  volume={37},
  number={8},
  pages={654--685},
  year={2012},
  publisher={Elsevier}
}

@article{Griffing1974,
  title={Body measurements of black-tailed jackrabbits of southeastern {New} {Mexico} with implications of {Allen's} rule},
  author={Griffing, James P},
  journal={Journal of Mammalogy},
  volume={55},
  number={3},
  pages={674--678},
  year={1974},
  publisher={JSTOR}
}

@article{Harland1960,
  title={Effect of temperature on growth in weight and tail-length of inbred and hybrid mice},
  author={Harland, S},
  journal={Nature},
  volume={186},
  pages={446},
  year={1960},
}

@article{Harpak2021,
  title={The evolution of group differences in changing environments},
  author={Harpak, Arbel and Przeworski, Molly},
  journal={PLoS Biology},
  volume={19},
  number={1},
  pages={e3001072},
  year={2021},
  publisher={Public Library of Science}
}

@article{Huey2000,
  title={Rapid evolution of a geographic cline in size in an introduced fly},
  author={Huey, Raymond B and Gilchrist, George W and Carlson, Margen L and Berrigan, David and Serra, Lu{\i}s},
  journal={Science},
  volume={287},
  number={5451},
  pages={308--309},
  year={2000},
  publisher={American Association for the Advancement of Science}
}

@article{Husby2011,
  title={Testing mechanisms of {Bergmann’s} rule: phenotypic decline but no genetic change in body size in three passerine bird populations},
  author={Husby, Arild and Hille, Sabine M and Visser, Marcel E},
  journal={The American Naturalist},
  volume={178},
  number={2},
  pages={202--213},
  year={2011},
  publisher={University of Chicago Press Chicago, IL}
}

@article{Huxley1938,
  title={Clines: an auxiliary taxonomic principle},
  author={Huxley, Julian},
  journal={Nature},
  volume={142},
  number={3587},
  pages={219--220},
  year={1938},
  publisher={Nature Publishing Group}
}

@article{Huxley1939,
  title={Clines: an auxiliary method in taxonomy},
  author={Huxley, Julian S},
  journal={Bijdragen tot de Dierkunde},
  volume={27},
  number={1},
  pages={491--520},
  year={1939}
}

@article{James1970,
  title={Geographic size variation in birds and its relationship to climate},
  author={James, Frances C},
  journal={Ecology},
  volume={51},
  number={3},
  pages={365--390},
  year={1970},
  publisher={Wiley Online Library}
}

@article{James1983,
  title={Environmental component of morphological differentiation in birds},
  author={James, Frances C},
  journal={Science},
  volume={221},
  number={4606},
  pages={184--186},
  year={1983},
  publisher={American Association for the Advancement of Science}
}

@article{James1995,
  title={Cellular basis and developmental timing in a size cline of {Drosophila} melanogaster.},
  author={James, Avis C and Azevedo, RB and Partridge, Linda},
  journal={Genetics},
  volume={140},
  number={2},
  pages={659--666},
  year={1995},
  publisher={Oxford University Press}
}

@article{Johnston1964,
  title={House sparrows: rapid evolution of races in {North} {America}},
  author={Johnston, Richard F and Selander, Robert K},
  journal={Science},
  volume={144},
  number={3618},
  pages={548--550},
  year={1964},
  publisher={American Association for the Advancement of Science}
}

@article{Johnston1971,
  title={Evolution in the house sparrow. II. Adaptive differentiation in {North} {American} populations},
  author={Johnston, Richard F and Selander, Robert K},
  journal={Evolution},
  pages={1--28},
  year={1971},
  publisher={JSTOR}
}

@article{Kuznetsova2017,
  title = {{lmerTest} Package: Tests in Linear Mixed Effects Models},
  author = {Alexandra Kuznetsova and Per B. Brockhoff and Rune H. B.
  Christensen},
  journal = {Journal of Statistical Software},
  year = {2017},
  volume = {82},
  number = {13},
  pages = {1--26},
  doi = {10.18637/jss.v082.i13},
}

@article{Laiolo2001,
  title={Ecogeographic correlates of morphometric variation in the red-billed Chough {Pyrrhocorax} pyrrhocorax and the Alpine Chough {Pyrrhocorax} graculus},
  author={Laiolo, Paola and Rolando, Antonio},
  journal={Ibis},
  volume={143},
  number={3},
  pages={602--616},
  year={2001},
  publisher={Wiley Online Library}
}

@article{Land1999,
  title={Latitudinal variation in wild populations of {Drosophila} melanogaster: heritabilities and reaction norms},
  author={Land, J Van ‘t and Putten, P Van and Delden, W Van},
  journal={Journal of Evolutionary Biology},
  volume={12},
  number={2},
  pages={222--232},
  year={1999},
  publisher={Wiley Online Library}
}

@article{Lüdecke2021,
  title = {Assessment, Testing and Comparison of Statistical Models
      using {R}},
  author = {Daniel Lüdecke and Mattan S. Ben-Shachar and Indrajeet
      Patil and Philip Waggoner and Dominique Makowski},
  year = {2021},
  journal = {Journal of Open Source Software},
  volume = {6},
  number = {59},
  pages = {3112},
  doi = {10.31234/osf.io/vtq8f},
}

@book{Lynch1998,
  title={Genetics and analysis of quantitative traits},
  author={Lynch, Michael and Walsh, Bruce and others},
  year={1998},
  publisher={Sinauer Sunderland, MA}
}

@article{Lynch1992,
  title={Clinal variation in cold adaptation in {Mus} domesticus: verification of predictions from laboratory populations},
  author={Lynch, Carol Becker},
  journal={The American Naturalist},
  volume={139},
  number={6},
  pages={1219--1236},
  year={1992},
  publisher={University of Chicago Press}
}

@article{Mayr1956,
  title={Geographical character gradients and climatic adaptation},
  author={Mayr, Ernst},
  journal={Evolution},
  volume={10},
  number={1},
  pages={105--108},
  year={1956},
  publisher={JSTOR}
}

@article{McNab1971,
  title={On the ecological significance of {Bergmann's} rule},
  author={McNab, Brian K},
  journal={Ecology},
  volume={52},
  number={5},
  pages={845--854},
  year={1971},
  publisher={Wiley Online Library}
}

@article{Meiri2003,
  title={On the validity of {Bergmann's} rule},
  author={Meiri, Shai and Dayan, Tamar},
  journal={Journal of Biogeography},
  volume={30},
  number={3},
  pages={331--351},
  year={2003},
  publisher={Wiley Online Library}
}

@article{Millien2006,
  title={Ecotypic variation in the context of global climate change: revisiting the rules},
  author={Millien, Virginie and Kathleen Lyons, S and Olson, Link and Smith, Felisa A and Wilson, Anthony B and Yom-Tov, Yoram},
  journal={Ecology Letters},
  volume={9},
  number={7},
  pages={853--869},
  year={2006},
  publisher={Wiley Online Library}
}

@article{Mincer2020,
  title={Substrate use drives the macroevolution of mammalian tail length diversity},
  author={Mincer, Sarah T and Russo, Gabrielle A},
  journal={Proceedings of the Royal Society B},
  volume={287},
  number={1920},
  pages={20192885},
  year={2020},
  publisher={The Royal Society}
}

@article{Noel1970,
  title={The effect of environmental temperature on the growth of vertebrae in the tail of the mouse},
  author={Noel, Janet F and Wright, EA},
  journal={Development},
  volume={24},
  number={2},
  pages={405--410},
  year={1970},
  publisher={The Company of Biologists Ltd}
}

@article{Nudds2007,
  title={An interspecific test of {Allen's} rule: evolutionary implications for endothermic species},
  author={Nudds, RL and Oswald, SA},
  journal={Evolution: International Journal of Organic Evolution},
  volume={61},
  number={12},
  pages={2839--2848},
  year={2007},
  publisher={Wiley Online Library}
}

@article{Ogle1933,
  title={Animal adaptation to environmental temperature conditions},
  author={Ogle, Cordelia and Mills, CA},
  journal={American Journal of Physiology-Legacy Content},
  volume={103},
  number={3},
  pages={606--612},
  year={1933},
  publisher={American Physiological Society}
}

@article{Olson2009,
  title={Global biogeography and ecology of body size in birds},
  author={Olson, Valerie A and Davies, Richard G and Orme, C David L and Thomas, Gavin H and Meiri, Shai and Blackburn, Tim M and Gaston, Kevin J and Owens, Ian PF and Bennett, Peter M},
  journal={Ecology Letters},
  volume={12},
  number={3},
  pages={249--259},
  year={2009},
  publisher={Wiley Online Library}
}

@article{Ozgul2009,
  title={The dynamics of phenotypic change and the shrinking sheep of {St.} Kilda},
  author={Ozgul, Arpat and Tuljapurkar, Shripad and Benton, Tim G and Pemberton, Josephine M and Clutton-Brock, Tim H and Coulson, Tim},
  journal={Science},
  volume={325},
  number={5939},
  pages={464--467},
  year={2009},
  publisher={American Association for the Advancement of Science}
}

@article{Ozgul2010,
  title={Coupled dynamics of body mass and population growth in response to environmental change},
  author={Ozgul, Arpat and Childs, Dylan Z and Oli, Madan K and Armitage, Kenneth B and Blumstein, Daniel T and Olson, Lucretia E and Tuljapurkar, Shripad and Coulson, Tim},
  journal={Nature},
  volume={466},
  number={7305},
  pages={482--485},
  year={2010},
  publisher={Nature Publishing Group}
}

@article{Partridge1994,
  title={Evolution and development of body size and cell size in {Drosophila} melanogaster in response to temperature},
  author={Partridge, Linda and Barrie, Brian and Fowler, Kevin and French, Vernon},
  journal={Evolution},
  volume={48},
  number={4},
  pages={1269--1276},
  year={1994},
  publisher={Wiley Online Library}
}

@article{Phifer-Rixey2015,
  title={The natural history of model organisms: Insights into mammalian biology from the wild house mouse {Mus} musculus},
  author={Phifer-Rixey, Megan and Nachman, Michael W},
  journal={Elife},
  volume={4},
  pages={e05959},
  year={2015},
  publisher={eLife Sciences Publications Limited}
}

@article{Phifer-Rixey2018,
  title={The genomic basis of environmental adaptation in house mice},
  author={Phifer-Rixey, Megan and Bi, Ke and Ferris, Kathleen G and Sheehan, Michael J and Lin, Dana and Mack, Katya L and Keeble, Sara M and Suzuki, Taichi A and Good, Jeffrey M and Nachman, Michael W},
  journal={PLoS Genetics},
  volume={14},
  number={9},
  pages={e1007672},
  year={2018},
  publisher={Public Library of Science}
}

@article{Price2003,
  title={The role of phenotypic plasticity in driving genetic evolution},
  author={Price, Trevor D and Qvarnstr{\"o}m, Anna and Irwin, Darren E},
  journal={Proceedings of the Royal Society of London. Series B: Biological Sciences},
  volume={270},
  number={1523},
  pages={1433--1440},
  year={2003},
  publisher={The Royal Society}
}

@article{Riemer2018,
  title={No general relationship between mass and temperature in endothermic species},
  author={Riemer, Kristina and Guralnick, Robert P and White, Ethan P},
  journal={Elife},
  volume={7},
  pages={e27166},
  year={2018},
  publisher={eLife Sciences Publications Limited}
}

@article{Romano2020,
  title={Geographical variation in bill size provides evidence for {Allen’s} rule in a cosmopolitan raptor},
  author={Romano, Andrea and S{\'e}chaud, Robin and Roulin, Alexandre},
  journal={Global Ecology and Biogeography},
  volume={29},
  number={1},
  pages={65--75},
  year={2020},
  publisher={Wiley Online Library}
}

@article{Ruff1994,
  title={Morphological adaptation to climate in modern and fossil hominids},
  author={Ruff, Christopher B},
  journal={American Journal of Physical Anthropology},
  volume={37},
  number={S19},
  pages={65--107},
  year={1994},
  publisher={Wiley Online Library}
}

@article{Ruff2002,
  title={Variation in human body size and shape},
  author={Ruff, Christopher},
  journal={Annual Review of Anthropology},
  volume={31},
  number={1},
  pages={211--232},
  year={2002},
  publisher={Annual Reviews 4139 El Camino Way, PO Box 10139, Palo Alto, CA 94303-0139, USA}
}

@article{Scholander1955,
  title={Evolution of climatic adaptation in homeotherms},
  author={Scholander, Per F},
  journal={Evolution},
  pages={15--26},
  year={1955},
  publisher={JSTOR}
}

@article{Serrat2008,
  title={Temperature regulates limb length in homeotherms by directly modulating cartilage growth},
  author={Serrat, Maria A and King, Donna and Lovejoy, C Owen},
  journal={Proceedings of the National Academy of Sciences},
  volume={105},
  number={49},
  pages={19348--19353},
  year={2008},
  publisher={National Acad Sciences}
}

@article{Serrat2013,
  title={Allen's rule revisited: temperature influences bone elongation during a critical period of postnatal development},
  author={Serrat, Maria A},
  journal={The Anatomical Record},
  volume={296},
  number={10},
  pages={1534--1545},
  year={2013},
  publisher={Wiley Online Library}
}

@article{Serrat2014,
  title={Environmental temperature impact on bone and cartilage growth},
  author={Serrat, Maria A},
  journal={Comprehensive Physiology},
  volume={4},
  number={2},
  pages={621--655},
  year={2014},
  publisher={Wiley Online Library}
}

@article{Snow1954,
  title={Trends in geographical variation in Palaerctic members of the genus Parus},
  author={Snow, DW},
  journal={Evolution},
  pages={19--28},
  year={1954},
  publisher={JSTOR}
}

@article{Sumner1909,
  title={Some effects of external conditions upon the white mouse},
  author={Sumner, Francis B},
  journal={The Journal of Experimental Zoology},
  volume={7},
  pages={97--155},
  year={1909}
}

@article{Sumner1915,
  title={Some studies of environmental influence, heredity, correlation and growth, in the white mouse},
  author={Sumner, Francis B},
  journal={The Journal of Experimental Zoology},
  volume={18},
  pages={325},
  year={1915},
  publisher={Wiley-Liss}
}

@article{Suzuki2019,
  title={Altitudinal variation of the gut microbiota in wild house mice},
  author={Suzuki, Taichi A and Martins, Felipe M and Nachman, Michael W},
  journal={Molecular Ecology},
  volume={28},
  number={9},
  pages={2378--2390},
  year={2019},
  publisher={Wiley Online Library}
}


@article{Suzuki2020,
  title={The gut microbiota and {Bergmann’s} rule in wild house mice},
  author={Suzuki, Taichi A and Martins, Felipe M and Phifer-Rixey, Megan, and Nachman, Michael W},
  journal={Molecular Ecology},
  volume={29},
  number={12},
  pages={2300--2311},
  year={2020},
  publisher={Wiley Online Library}
}

@article{Symonds2010,
  title={Geographical variation in bill size across bird species provides evidence for {Allen’s} rule},
  author={Symonds, Matthew RE and Tattersall, Glenn J},
  journal={The American Naturalist},
  volume={176},
  number={2},
  pages={188--197},
  year={2010},
  publisher={The University of Chicago Press}
}

@article{Tattersall2017,
  title={The evolution of the avian bill as a thermoregulatory organ},
  author={Tattersall, Glenn J and Arnaout, Bassel and Symonds, Matthew RE},
  journal={Biological Reviews},
  volume={92},
  number={3},
  pages={1630--1656},
  year={2017},
  publisher={Wiley Online Library}
}

@article{Teplitsky2008,
  title={Bergmann's rule and climate change revisited: Disentangling environmental and genetic responses in a wild bird population},
  author={Teplitsky, C{\'e}line and Mills, James A and Alho, Jussi S and Yarrall, John W and Meril{\"a}, Juha},
  journal={Proceedings of the National Academy of Sciences},
  volume={105},
  number={36},
  pages={13492--13496},
  year={2008},
  publisher={National Acad Sciences}
}

@article{Thorington1970,
  title={Lability of tail length of the white-footed mouse, {Peromyscus} leucopus noveboracensis},
  author={Thorington Jr, Richard W},
  journal={Journal of Mammalogy},
  volume={51},
  number={1},
  pages={52--59},
  year={1970},
  publisher={American Society of Mammalogists 810 East 10th Street, PO Box 1897, Lawrence~…}
}

@article{Tomlinson2009,
  title={Biogeographical effects on body mass of native {Australian} and introduced mice, {Pseudomys} hermannsburgensis and {Mus} domesticus: an inquiry into {Bergmann’s} Rule},
  author={Tomlinson, Sean and Withers, Philip C},
  journal={Australian Journal of Zoology},
  volume={56},
  number={6},
  pages={423--430},
  year={2009},
  publisher={CSIRO}
}

@article{Via1985,
  title={Genotype-environment interaction and the evolution of phenotypic plasticity},
  author={Via, Sara and Lande, Russell},
  journal={Evolution},
  volume={39},
  number={3},
  pages={505--522},
  year={1985},
  publisher={Wiley Online Library}
}

@article{Weaver1969,
  title={Morphological changes in swine associated with environmental temperature},
  author={Weaver, Morris E and Ingram, Douglas L},
  journal={Ecology},
  volume={50},
  number={4},
  pages={710--713},
  year={1969},
  publisher={Wiley Online Library}
}

@book{West-Eberhard2003,
  title={Developmental plasticity and evolution},
  author={West-Eberhard, Mary Jane},
  year={2003},
  publisher={Oxford University Press}
}

@Article{Wickham2019,
  title = {Welcome to the {tidyverse}},
  author = {Hadley Wickham and Mara Averick and Jennifer Bryan and Winston Chang and Lucy D'Agostino McGowan and Romain François and Garrett Grolemund and Alex Hayes and Lionel Henry and Jim Hester and Max Kuhn and Thomas Lin Pedersen and Evan Miller and Stephan Milton Bache and Kirill Müller and Jeroen Ooms and David Robinson and Dana Paige Seidel and Vitalie Spinu and Kohske Takahashi and Davis Vaughan and Claus Wilke and Kara Woo and Hiroaki Yutani},
  year = {2019},
  journal = {Journal of Open Source Software},
  volume = {4},
  number = {43},
  pages = {1686},
  doi = {10.21105/joss.01686},
}

@article{Yom-Tov1986,
  title={Climatological correlates for body size of five species of {Australian} mammals},
  author={Yom-Tov, Yoram and Nix, Henry},
  journal={Biological Journal of the Linnean Society},
  volume={29},
  number={4},
  pages={245--262},
  year={1986},
  publisher={Oxford University Press}
}